<?xml version="1.0" encoding="UTF-8"?><collection xmlns="http://www.loc.gov/MARC21/slim"><record><leader>00427nam--2200145-i-4500</leader><controlfield tag="001">000042078</controlfield><controlfield tag="002">20161230</controlfield><controlfield tag="005">20161230201043</controlfield><controlfield tag="008">060222s1000------------r-----000-0-eng-d</controlfield><datafield ind1=" " ind2=" " tag="080"><subfield code="a">539.2</subfield></datafield><datafield ind1=" " ind2=" " tag="100"><subfield code="a">Soda,Gen And Chiba,Takehiko</subfield></datafield><datafield ind1=" " ind2=" " tag="245"><subfield code="a">Deuteron magnetic resonance study on cupric sulfate penthahydrate</subfield></datafield><datafield ind1=" " ind2=" " tag="260"><subfield code="a">Tokyo, The Inst.For Solid State Ph.,1968. 68 P</subfield></datafield><datafield ind1=" " ind2=" " tag="490"><subfield code="a">Technical Rep.Of Issp, Ser.A</subfield></datafield><datafield ind1=" " ind2=" " tag="852"><subfield code="a">19409</subfield></datafield></record></collection>